<?xml version="1.0" encoding="UTF-8"?><collection xmlns="http://www.loc.gov/MARC21/slim"><record><leader>00505nam--2200169-i-4500</leader><controlfield tag="001">000001545</controlfield><controlfield tag="002">20161230</controlfield><controlfield tag="005">20161230201024</controlfield><controlfield tag="008">060222s1000------------r-----000-0-RUM-d</controlfield><datafield ind1=" " ind2=" " tag="040"><subfield code="a">IFIN-HH</subfield></datafield><datafield ind1=" " ind2=" " tag="041"><subfield code="a">RUM</subfield></datafield><datafield ind1=" " ind2=" " tag="080"><subfield code="a">519.2=03.82</subfield></datafield><datafield ind1="1" ind2=" " tag="100"><subfield code="a">Gnedenco, B.V., Hincin, A.I</subfield></datafield><datafield ind1="1" ind2="0" tag="245"><subfield code="a">Introducere elementara in calculul probabilitatilor.traducere din lb. rusa</subfield><subfield code="c">B.v.gnedenco;a.i. hincin</subfield></datafield><datafield ind1=" " ind2=" " tag="260"><subfield code="a">Bucuresti, Editura Tehnica, 1953. 116 P</subfield></datafield><datafield ind1=" " ind2=" " tag="852"><subfield code="a">47636</subfield><subfield code="c">519.2</subfield></datafield><datafield ind1=" " ind2=" " tag="CAT"><subfield code="a">Sys</subfield><subfield code="c">20100607</subfield><subfield code="h">110803</subfield></datafield></record></collection>